%YAML 1.1
%TAG !u! tag:unity3d.com,2011:
--- !u!1 &130408
GameObject:
  m_ObjectHideFlags: 0
  m_PrefabParentObject: {fileID: 0}
  m_PrefabInternal: {fileID: 100100000}
  serializedVersion: 4
  m_Component:
  - 4: {fileID: 444056}
  - 114: {fileID: 11486900}
  - 114: {fileID: 11486710}
  m_Layer: 0
  m_Name: TiledBoardLayout
  m_TagString: Untagged
  m_Icon: {fileID: 0}
  m_NavMeshLayer: 0
  m_StaticEditorFlags: 0
  m_IsActive: 1
--- !u!4 &444056
Transform:
  m_ObjectHideFlags: 1
  m_PrefabParentObject: {fileID: 0}
  m_PrefabInternal: {fileID: 100100000}
  m_GameObject: {fileID: 130408}
  m_LocalRotation: {x: 0, y: 0, z: 0, w: 1}
  m_LocalPosition: {x: 0, y: 0, z: 0}
  m_LocalScale: {x: 1, y: 1, z: 1}
  m_Children: []
  m_Father: {fileID: 0}
  m_RootOrder: 0
--- !u!114 &11486710
MonoBehaviour:
  m_ObjectHideFlags: 1
  m_PrefabParentObject: {fileID: 0}
  m_PrefabInternal: {fileID: 100100000}
  m_GameObject: {fileID: 130408}
  m_Enabled: 1
  m_EditorHideFlags: 0
  m_Script: {fileID: 11500000, guid: 2aef3b107132e4899bd2c2d291b42399, type: 3}
  m_Name: 
  m_EditorClassIdentifier: 
  width: 8
  height: 8
  mapSprites:
    woodFloorTile: {fileID: 170964, guid: fc4c0450581cf4b358b7a3cc10d0d4c5, type: 2}
    woodFloorTop_Left: {fileID: 127536, guid: b05ceca40035c4bcb89cbc82e36ed4fe, type: 2}
    woodFloorTop_Center: {fileID: 139776, guid: 5478936d71abb4354b68182d782a4a47,
      type: 2}
    woodFloorTop_Right: {fileID: 112200, guid: 615f453d7dde14a60b628ab75ab21f6e, type: 2}
    backWall_Left: {fileID: 185802, guid: 7f18a339bc4b1450882307f7fa8b2289, type: 2}
    backWall_Center: {fileID: 178266, guid: 352444fb504894b4d838718f2939edbf, type: 2}
    backWall_Right: {fileID: 131848, guid: ccf714358bae3499e9eed377a854413f, type: 2}
    carpetBack_Left: {fileID: 163940, guid: e87625f2b5164479fbb3122f6bf3d6fa, type: 2}
    carpetBack_Center: {fileID: 140856, guid: 6015757f85b9b48cba02cba9fcb3868b, type: 2}
    carpetBack_Right: {fileID: 131296, guid: bb9d56df82ad74969adb783a11578d9f, type: 2}
    carpetMiddle_Left: {fileID: 107646, guid: 2374e98e170104df1b140f653f22af68, type: 2}
    carpetMiddle_Center: {fileID: 195350, guid: 5681a31327b9e4d9195bc0061b45e530,
      type: 2}
    carpetMiddle_CenterAlt: {fileID: 126784, guid: d1243b1cefefb42cebb40c51471c09a1,
      type: 2}
    carpetMiddle_Right: {fileID: 191320, guid: 4cc59b3357b78427d96c609b5a32e210, type: 2}
    carpetFront_Left: {fileID: 115140, guid: 1600a384c6c974ccaa4a578cd6b34692, type: 2}
    carpetFront_Center: {fileID: 148236, guid: ebe9a25bfb23c4c9f83825a76b2afd2e, type: 2}
    carpetFront_Right: {fileID: 192834, guid: e648a2ddb0d5f4319a2611fa94ada13e, type: 2}
    outerWall_Left: {fileID: 178870, guid: 06b4f00327866423281dc71644fe6067, type: 2}
    outerWall_Right: {fileID: 173794, guid: 2934b2af16c054e2ebf1295e6eea3df6, type: 2}
    outerWall_BottomLeft: {fileID: 185612, guid: 60254c42de0854dc29615933d956ead4,
      type: 2}
    outerWall_Bottom: {fileID: 106408, guid: 5353887a98deb465080160d20ff1d880, type: 2}
    outerWall_BottomRight: {fileID: 169644, guid: e5c89a4d08eb04eecb49062d69ef402c,
      type: 2}
    skyTile: {fileID: 103754, guid: 98932c7c6e47b45838b94d14e978ba07, type: 2}
    horizonTile: {fileID: 138044, guid: 245f2437548ae4a45aa05a76ffcf579a, type: 2}
    groundTile: {fileID: 178352, guid: 41a424543f26a4a34ad667121a6fcef4, type: 2}
    houseFrontTile: {fileID: 133472, guid: 2775f4af56e59412e9e47f2c7a3884a3, type: 2}
  objectSprites:
    levelEntrance: {fileID: 139990, guid: cd88f8b4782df4f67973925e3cc358e3, type: 2}
    levelExit: {fileID: 109488, guid: f3c272f845dd54b73b6ce6d5ed669ffe, type: 2}
    enemyTiles:
    - {fileID: 168652, guid: b82e866d89093491a93e99f4fd49095e, type: 2}
    - {fileID: 132948, guid: 8d59bc52e61c3457982d0dbb81fcb21d, type: 2}
    - {fileID: 164286, guid: 48b663b928a4c4a7ba7d72c315ccb2a6, type: 2}
    obstacleTiles:
    - {fileID: 163498, guid: 741ba36924c1d4460a23d13cc5878a06, type: 2}
    - {fileID: 120472, guid: fc8aed9a148664dab9d621860f5e85b4, type: 2}
--- !u!114 &11486900
MonoBehaviour:
  m_ObjectHideFlags: 1
  m_PrefabParentObject: {fileID: 0}
  m_PrefabInternal: {fileID: 100100000}
  m_GameObject: {fileID: 130408}
  m_Enabled: 1
  m_EditorHideFlags: 0
  m_Script: {fileID: 11500000, guid: 2b46e536f6ac54349987a0fe49c370a7, type: 3}
  m_Name: 
  m_EditorClassIdentifier: 
  levelStartDelay: 1.5
  boardScript: {fileID: 0}
  playerInstance: {fileID: 0}
  doingSetup: 0
  nextLevelSound: {fileID: 8300000, guid: 618e4065a30124faa993f12963870e4f, type: 3}
  gameOverSound: {fileID: 8300000, guid: 42351c289d4984d168252c71ac181e53, type: 3}
--- !u!1001 &100100000
Prefab:
  m_ObjectHideFlags: 1
  serializedVersion: 2
  m_Modification:
    m_TransformParent: {fileID: 0}
    m_Modifications:
    - target: {fileID: 0}
      propertyPath: m_Name
      value: TiledBoardLayout
      objectReference: {fileID: 0}
    m_RemovedComponents: []
  m_ParentPrefab: {fileID: 0}
  m_RootGameObject: {fileID: 130408}
  m_IsPrefabParent: 1
